% use `texdoc biblatex` to get help
@article{bipartite22,
  title   = {Bipartite Graphs and Recommendation Systems},
  author  = {Maier, Cristina and Simovici, Dan},
  journal = {Journal of Advances in Information Technology-in print},
  year    = {2022}
}
@inproceedings{clickfarm21,
  title     = {What Happens Behind the Scene? Towards Fraud Community Detection in E-Commerce from Online to Offline},
  author    = {Li, Zhao and Hui, Pengrui and Zhang, Peng and Huang, Jiaming and Wang, Biao and Tian, Ling and Zhang, Ji and Gao, Jianliang and Tang, Xing},
  booktitle = {Companion Proceedings of the Web Conference},
  pages     = {105--113},
  year      = {2021}
}
@inproceedings{correspondence05,
  title        = {A Correspondence Between Maximal Complete Bipartite Subgraphs and Closed Patterns},
  author       = {Li, Jinyan and Li, Haiquan and Soh, Donny and Wong, Limsoon},
  booktitle    = {Proceedings of the 9th European Conference on European Conference on Machine Learning and Principles and Practice of Knowledge Discovery in Databases (ECML-PKDD)},
  pages        = {146--156},
  year         = {2005}
}
@misc{CUDA-wiki,
  title        = {CUDA from Wikipedia},
  howpublished = {\url{https://en.wikipedia.org/wiki/CUDA}},
  year         = {2024}
}

@misc{murmurhash,
  title        = {MurmurHash},
  howpublished = {\url{https://en.wikipedia.org/wiki/MurmurHash}},
  year         = {2024}
}


@misc{CUDAProgrammingGuide,
  title        = {CUDA C++ programming guide},
  howpublished = {\url{https://docs.nvidia.com/cuda/cuda-c-programming-guide/}},
  year         = {2024}
}

@article{Damaschke14,
  title     = {Enumerating Maximal Bicliques in Bipartite Graphs with Favorable Degree Sequences},
  author    = {Damaschke, Peter},
  journal   = {Information Processing Letters (IPL)},
  volume    = {114},
  number    = {6},
  pages     = {317--321},
  year      = {2014},

}

@inproceedings{dangerous05,
  title     = {Discovering Large Dense Subgraphs in Massive Graphs},
  author    = {Gibson, David and Kumar, Ravi and Tomkins, Andrew},
  booktitle = {Proceedings of the VLDB Endowment (PVLDB)},
  pages     = {721--732},
  year      = {2005}
}
@article{dangerous19,
  title     = {Finding Maximal Bicliques in Bipartite Networks Using Node Similarity},
  author    = {Alzahrani, Taher and Horadam, Kathy},
  journal   = {Applied Network Science (ANS)},
  volume    = {4},
  number    = {1},
  pages     = {1--25},
  year      = {2019}
}

@inproceedings{decomine22,
  title     = {DecoMine: A Compilation-Based Graph Pattern Mining System with Pattern Decomposition},
  author    = {Chen, Jingji and Qian, Xuehai},
  booktitle = {Proceedings of the 28th ACM International Conference on Architectural Support for Programming Languages and Operating Systems (ASPLOS)},
  pages     = {47--61},
  year      = {2022}
}
@www{ECommerceReport,
  title  = {2022年中国电子商务发展总报告},
  author = {中华人民共和国商务部},
  year   = {2022},
  url    = {http://images.mofcom.gov.cn/dzsws/202306/20230609104929992.pdf}
}

@article{exhaust03,
  title     = {Obtaining Maximal Concatenated Phylogenetic Data Sets from Large Sequence Databases},
  author    = {Sanderson, Michael J and Driskell, Amy C and Ree, Richard H and Eulenstein, Oliver and Langley, Sasha},
  journal   = {Molecular Biology and Evolution},
  volume    = {20},
  number    = {7},
  pages     = {1036--1042},
  year      = {2003}
}

@article{exhaust07,
title     = {A Graph-Theoretical Approach for Pattern Discovery in Epidemiological Research},
author    = {Mushlin, Richard A and Kershenbaum, Aaron and Gallagher, Stephen T and Rebbeck, Timothy R},
journal   = {IBM Systems Journal},
volume    = {46},
number    = {1},
pages     = {135--149},
year      = {2007}
}


@article{FairMBE23,
  title={Fairness-aware Maximal Biclique Enumeration on Bipartite Graphs},
  author={Yin, Ziqi and Zhang, Qi and Zhang, Wentao and Li, Rong-Hua and Wang, Guoren},
  journal={IEEE 39th International Conference on Data Engineering (ICDE)},
  pages={1665--1677},
  year={2023}
}

@inproceedings{FCA15,
  title        = {An Efficient Map-Reduce Algorithm for Computing Formal Concepts from Binary Data},
  author       = {Bhatnagar, Raj and Kumar, Lalit},
  booktitle    = {IEEE International Conference on Big Data (Big Data)},
  pages        = {1519--1528},
  year         = {2015}
}

@article{FCA21,
  title     = {Systematic Categorization and Evaluation of CbO-Based Algorithms in FCA},
  author    = {Konecny, Jan and Kraj{\v{c}}a, Petr},
  journal   = {Information Sciences},
  volume    = {575},
  pages     = {265--288},
  year      = {2021},
  publisher={Elsevier}
}

@article{FCA22,
  title     = {LCM from FCA Point of View: A CbO-Style Algorithm with Speed-Up Features},
  author    = {Janostik, Radek and Konecny, Jan and Kraj{\v{c}}a, Petr},
  journal   = {International Journal of Approximate Reasoning (IJAR)},
  volume    = {142},
  pages     = {64--80},
  year      = {2022},
  publisher={Elsevier}
}

@inproceedings{fcambe10,
  title        = {A Parallel between Extended Formal Concept Analysis and Bipartite Graphs Analysis},
  author       = {Gaume, Bruno and Navarro, Emmanuel and Prade, Henri},
  booktitle    = {Proceedings of the Computational Intelligence for Knowledge-Based Systems Design},
  pages        = {270--280},
  year         = {2010},
  organization={Springer}
}

@inproceedings{FCIM22,
  title={A Distributed SAT-Based Framework for Closed Frequent Itemset Mining},
  author={Martin-Prin, Julien and Dlala, Imen Ouled and Travers, Nicolas and Jabbour, Said},
  booktitle={International Conference on Advanced Data Mining and Applications (ADMA)},
  pages={419--433},
  year={2022},
  organization={Springer}
}

@inproceedings{FCIM98,
  title     = {Theoretical Foundations of Association Rules},
  author    = {Zaki, Mohammed Javeed and Ogihara, Mitsunori},
  booktitle = {3rd ACM SIGMOD Workshop on Research Issues in Data Mining and Knowledge Discovery},
  pages     = {71--78},
  year      = {1998}
}

@inproceedings{fpclose04,
title={Reducing the Main Memory Consumptions of FPmax* and FPclose},
author={Grahne, G{\"o}sta and Zhu, Jianfei},
booktitle={Proceedings of the Workshop on Frequent Item Set Mining Implementations (FIMI)},
pages={75},
year={2004}
}

@inproceedings{g2miner22,
  title     = {Efficient and Scalable Graph Pattern Mining on GPUs},
  author    = {Chen, Xuhao and others},
  booktitle = {16th USENIX Symposium on Operating Systems Design and Implementation (OSDI)},
  pages     = {857--877},
  year      = {2022}
}

@inproceedings{gamma23,
  title        = {GAMMA: A Graph Pattern Mining Framework for Large Graphs on GPU},
  author       = {Hu, Lin and Zou, Lei and {\"O}zsu, M Tamer},
  booktitle    = {IEEE 39th International Conference on Data Engineering (ICDE)},
  pages        = {273--286},
  year         = {2023}
}

@article{gene11,
  title     = {Transactional Database Transformation and Its Application in Prioritizing Human Disease Genes},
  author    = {Xiang, Yang and Payne, Philip RO and Huang, Kun},
  journal   = {IEEE/ACM Transactions on Computational Biology and Bioinformatics (TCBB)},
  volume    = {9},
  number    = {1},
  pages     = {294--304},
  year      = {2011}
}

@inproceedings{Sandslash21,
author = {Chen, Xuhao and Dathathri, Roshan and Gill, Gurbinder and Hoang, Loc and Pingali, Keshav},
title = {Sandslash: A Two-Level Framework for Efficient Graph Pattern Mining},
year = {2021},
isbn = {9781450383356},
booktitle = {Proceedings of the ACM International Conference on Supercomputing (ICS)},
pages = {378–391},
numpages = {14},
}

@incollection{gene22,
  title     = {Computational Methods for Identifying MicroRNA-Gene Regulatory Modules},
  author    = {Liu, Yin},
  booktitle = {Handbook of Statistical Bioinformatics},
  pages     = {187--208},
  year      = {2022},
  publisher = {Springer}
}

@article{geneexp11,
  title     = {Mining Gene Expression Data with Pattern Structures in Formal Concept Analysis},
  author    = {Kaytoue, Mehdi and Kuznetsov, Sergei O and Napoli, Amedeo and Duplessis, S{\'e}bastien},
  journal   = {Information Sciences},
  volume    = {181},
  number    = {10},
  pages     = {1989--2001},
  year      = {2011},
  publisher = {Elsevier}
}

@article{iMBEA14,
  title     = {On Finding Bicliques in Bipartite Graphs: A Novel Algorithm and Its Application to the Integration of Diverse Biological Data Types},
  author    = {Zhang, Yun and Phillips, Charles A and Rogers, Gary L and Baker, Erich J and Chesler, Elissa J and Langston, Michael A},
  journal   = {BMC Bioinformatics},
  volume    = {15},
  pages     = {1--18},
  year      = {2014},
  publisher = {Springer}
}

@inproceedings{Irregularity12,
  title        = {A Quantitative Study of Irregular Programs on GPUs},
  author       = {Burtscher, Martin and Nasre, Rupesh and Pingali, Keshav},
  booktitle    = {2012 IEEE International Symposium on Workload Characterization (IISWC)},
  pages        = {141--151},
  year         = {2012}
}

@inproceedings{khuzdul23,
  title     = {Khuzdul: Efficient and Scalable Distributed Graph Pattern Mining Engine},
  author    = {Chen, Jingji and Qian, Xuehai},
  booktitle = {Proceedings of the 28th ACM International Conference on Architectural Support for Programming Languages and Operating Systems (ASPLOS)},
  pages     = {413--426},
  year      = {2023}
}

@inproceedings{konect,
  title     = {Konect: The Koblenz Network Collection},
  author    = {Kunegis, J{\'e}r{\^o}me},
  booktitle = {Proceedings of the 22nd International Conference on World Wide Web (WWW)},
  pages     = {1343--1350},
  year      = {2013}
}

@inproceedings{lcm04,
  title     = {LCM ver. 2: Efficient Mining Algorithms for Frequent/Closed/Maximal Itemsets},
  author    = {Uno, Takeaki and Kiyomi, Masashi and Arimura, Hiroki and others},
  booktitle = {Proceedings of the Workshop on Frequent Item Set Mining Implementations (FIMI)},
  volume    = {126},
  year      = {2004}
}

@article{lcmmbc07,
  title     = {Maximal Biclique Subgraphs and Closed Pattern Pairs of the Adjacency Matrix: A One-to-One Correspondence and Mining Algorithms},
  author    = {Li, Jinyan and Liu, Guimei and Li, Haiquan and Wong, Limsoon},
  journal   = {IEEE Transactions on Knowledge and Data Engineering (TKDE)},
  volume    = {19},
  number    = {12},
  pages     = {1625--1637},
  year      = {2007}
}

@article{Ma22,
  title     = {Efficient Maintenance for Maximal Bicliques in Bipartite Graph Streams},
  author    = {Ma, Ziyi and Liu, Yuling and Hu, Yikun and Yang, Jianye and Liu, Chubo and Dai, Huadong},
  journal   = {World Wide Web (WWW)},
  volume    = {25},
  number    = {2},
  pages     = {857--877},
  year      = {2022},
  publisher = {Springer}
}

@inproceedings{Makino04,
  title        = {New Algorithms for Enumerating All Maximal Cliques},
  author       = {Makino, Kazuhisa and Uno, Takeaki},
  booktitle    = {Algorithm Theory-SWAT},
  pages        = {260--272},
  year         = {2004}
}

@article{mapreduceMBE16,
  title     = {Enumerating Maximal Bicliques from a Large Graph Using MapReduce},
  author    = {Mukherjee, Arko Provo and Tirthapura, Srikanta},
  journal   = {IEEE Transactions on Services Computing (TSC)},
  volume    = {10},
  number    = {5},
  pages     = {771--784},
  year      = {2016}
}

@inproceedings{MBB21,
  title     = {Efficient Exact Algorithms for Maximum Balanced Biclique Search in Bipartite Graphs},
  author    = {Chen, Lu and Liu, Chengfei and Zhou, Rui and Xu, Jiajie and Li, Jianxin},
  booktitle = {Proceedings of the International Conference on Management of Data (SIGMOD)},
  pages     = {248--260},
  year      = {2021}
}

@article{MBE-induced21,
  title     = {Efficient Enumeration of Maximal Induced Bicliques},
  author    = {Hermelin, Danny and Manoussakis, George},
  journal   = {Discrete Applied Mathematics (DAM)},
  volume    = {303},
  pages     = {253--261},
  year      = {2021},
  publisher = {Elsevier}
}

@inproceedings{MBE62,
  title     = {Recherche des Sous-Matrices Premières d'une Matrice à Coefficients Binaires. Applications à Certains Problèmes de Graphe},
  author    = {Malgrange, Y},
  booktitle = {Proceedings of the Deuxième Congrès de l'AFCALTI},
  pages     = {231--242},
  year      = {1962}
}

@inproceedings{MBEHe18,
  title     = {An Optimized MBE Algorithm on Sparse Bipartite Graphs},
  author    = {He, Yu and Li, Ronghua and Mao, Rui},
  booktitle = {International Conference on Smart Computing and Communication (ICSCC)},
  pages     = {206--216},
  year      = {2018}
}

@inproceedings{MBEQin20,
  title     = {Efficient Algorithm for Maximal Biclique Enumeration on Bipartite Graphs},
  author    = {Qin, Caixia and Liao, Mingxue and Liang, Yuanyuan and Zheng, Changwen},
  booktitle = {Advances in Natural Computation, Fuzzy Systems and Knowledge Discovery (ICNC-FSKD)},
  volume    = {1075},
  pages     = {3--13},
  year      = {2020}
}

@article{MCE-22,
  title     = {On Fast Enumeration of Maximal Cliques in Large Graphs},
  author    = {Jin, Yan and Xiong, Bowen and He, Kun and Zhou, Yangming and Zhou, Yi},
  journal   = {Expert Systems with Applications (ESWA)},
  volume    = {187},
  pages     = {115915},
  year      = {2022},
  publisher = {Elsevier}
}

@article{MCE-GPU21,
  title     = {Accelerating the Bron-Kerbosch Algorithm for Maximal Clique Enumeration Using GPUs},
  author    = {Wei, Yi-Wen and Chen, Wei-Mei and Tsai, Hsin-Hung},
  journal   = {IEEE Transactions on Parallel and Distributed Systems (TPDS)},
  volume    = {32},
  number    = {9},
  pages     = {2352--2366},
  year      = {2021}
}

@article{MCE20,
  title     = {Manycore Clique Enumeration with Fast Set Intersections},
  author    = {Blanuša, Jovan and Stoica, Radu and Ienne, Paolo and Atasu, Kubilay},
  journal   = {Proceedings of the VLDB Endowment (PVLDB)},
  volume    = {13},
  number    = {12},
  pages     = {2676--2690},
  year      = {2020}
}

@inproceedings{MCE22,
  title     = {Fast Maximal Clique Enumeration on Uncertain Graphs: A Pivot-Based Approach},
  author    = {Dai, Qiangqiang and Li, Rong-Hua and Liao, Meihao and Chen, Hongzhi and Wang, Guoren},
  booktitle = {Proceedings of the International Conference on Management of Data (SIGMOD)},
  pages     = {2034--2047},
  year      = {2022}
}

@inproceedings{MCEdegeneracy10,
  title     = {Listing All Maximal Cliques in Sparse Graphs in Near-Optimal Time},
  author    = {Eppstein, David and Löffler, Maarten and Strash, Darren},
  booktitle = {Proceedings of the International Symposium on Algorithms and Computation (ISAAC)},
  pages     = {403--414},
  year      = {2010}
}

@article{MBEU23,
  title={Efficient Maximal Biclique Enumeration on Large Uncertain Bipartite Graphs},
  author={Wang, Jianhua and Yang, Jianye and Ma, Ziyi and Zhang, Chengyuan and Yang, Shiyu and Zhang, Wenjie},
  journal={IEEE Transactions on Knowledge and Data Engineering (TKDE)},
  year={2023}
}

@article{MCEparallel20,
  title={Shared-memory Parallel Maximal Clique Enumeration from Static and Dynamic Graphs},
  author={Das, Apurba and Sanei-Mehri, Seyed-Vahid and Tirthapura, Srikanta},
  journal={ACM Transactions on Parallel Computing (TOPC)},
  volume={7},
  number={1},
  pages={1--28},
  year={2020}
}

@article{MEB20,
  title={Maximum Biclique Search at Billion Scale},
  author={Lyu, Bingqing and Qin, Lu and Lin, Xuemin and Zhang, Ying and Qian, Zhengping and Zhou, Jingren},
  journal={Proceedings of the VLDB Endowment (PVLDB)},
  year={2020}
}

@article{MEB22,
  title={Maximum and Top-k Diversified Biclique Search at Scale},
  author={Lyu, Bingqing and Qin, Lu and Lin, Xuemin and Zhang, Ying and Qian, Zhengping and Zhou, Jingren},
  journal={The VLDB Journal (VLDBJ)},
  volume={31},
  number={6},
  pages={1365--1389},
  year={2022},
  publisher={Springer}
}

@article{MEC20,
  title={Efficient Maximum Clique Computation and Enumeration over Large Sparse Graphs},
  author={Chang, Lijun},
  journal={The VLDB Journal (VLDBJ)},
  volume={29},
  number={5},
  pages={999--1022},
  year={2020},
  publisher={Springer}
}

@inproceedings{MEC22,
  title={Computing Maximum Structural Balanced Cliques in Signed Graphs},
  author={Yao, Kai and Chang, Lijun and Qin, Lu},
  booktitle={IEEE 38th International Conference on Data Engineering (ICDE)},
  pages={1004--1016},
  year={2022}
}

@article{MICA04,
  title={Consensus Algorithms for the Generation of All Maximal Bicliques},
  author={Alexe, Gabriela and Alexe, Sorin and Crama, Yves and Foldes, Stephan and Hammer, Peter L and Simeone, Bruno},
  journal={Discrete Applied Mathematics (DAM)},
  volume={145},
  number={1},
  pages={11--21},
  year={2004},
  publisher={Elsevier}
}

@inproceedings{minel06,
  title={Efficient Mining of Large Maximal Bicliques},
  author={Liu, Guimei and Sim, Kelvin and Li, Jinyan},
  booktitle={Proceedings of the International Conference of Data Warehousing and Knowledge Discovery (DaWaK)},
  pages={437--448},
  year={2006}
}

@misc{NVIDIA-2080Ti,
  title={GeForce RTX 20 Series},
  howpublished={\url{https://www.nvidia.com/en-gb/geforce/20-series/}},
  year={2024}
}

@misc{NVIDIA-A100,
  title={NVIDIA A100 Tensor Core GPU},
  howpublished={\url{https://www.nvidia.com/en-gb/data-center/a100/}},
  year={2024}
}

@misc{NVIDIA-V100,
  title={NVIDIA V100 Tensor Core GPU},
  howpublished={\url{https://www.nvidia.com/en-gb/data-center/v100/}},
  year={2024}
}

@article{ooMBE22,
  title={Efficient Maximal Biclique Enumeration for Large Sparse Bipartite Graphs},
  author={Chen, Lu and Liu, Chengfei and Zhou, Rui and Xu, Jiajie and Li, Jianxin},
  journal={Proceedings of the VLDB Endowment (PVLDB)},
  volume={15},
  number={8},
  pages={1559--1571},
  year={2022}
}

@inproceedings{parMBE19,
  author={Das, Apurba and Tirthapura, Srikanta},
  booktitle={IEEE 26th International Conference on High Performance Computing, Data, and Analytics (HiPC)}, 
  title={Shared-Memory Parallel Maximal Biclique Enumeration}, 
  year={2019},
  pages={34--43}
}

@inproceedings{PMBE20,
  author    = {Abidi, Aman and Zhou, Rui and Chen, Lu and Liu, Chengfei},
  title     = {Pivot-Based Maximal Biclique Enumeration},
  booktitle = {Proceedings of the 29th International Conference on International Joint Conferences on Artificial Intelligence (IJCAI)},
  pages     = {3558--3564},
  year      = {2020}
}

@article{Pqbiclique21,
  author    = {Jianye Yang and
               Yun Peng and
               Wenjie Zhang},
  title     = {(P, Q)-Biclique Counting and Enumeration for Large Sparse Bipartite
               Graphs},
  journal   = {Proceedings of the VLDB Endowment (PVLDB)},
  volume    = {15},
  number    = {2},
  pages     = {141--153},
  year      = {2021}
}

@article{Pqbiclique23,
  title={(P, Q)-Biclique Counting and Enumeration for Large Sparse Bipartite Graphs},
  author={Yang, Jianye and Peng, Yun and Ouyang, Dian and Zhang, Wenjie and Lin, Xuemin and Zhao, Xiang},
  journal={The VLDB Journal (VLDBJ)},
  pages={1--25},
  year={2023}
}

@article{Pq23,
  title={Efficient Biclique Counting in Large Bipartite Graphs},
  author={Ye, Xiaowei and Li, Rong-Hua and Dai, Qiangqiang and Qin, Hongchao and Wang, Guoren},
  journal={Proceedings of the ACM on Management of Data},
  volume={1},
  number={1},
  pages={1--26},
  year={2023}
}

@inproceedings{BicliqueCommunity23,
  title={Index-Based Biclique Percolation Communities Search on Bipartite Graphs},
  author={Chen, Zi and Zhao, Yiwei and Yuan, Long and Lin, Xuemin and Wang, Kai},
  booktitle={IEEE 39th International Conference on Data Engineering (ICDE)},
  pages={2699--2712},
  year={2023}
}

@article{Proof09,
  title     = {Enumeration Aspects of Maximal Cliques and Bicliques},
  author    = {G{\'e}ly, Alain and Nourine, Lhouari and Sadi, Bachir},
  journal   = {Discrete Applied Mathematics (DAM)},
  volume    = {157},
  number    = {7},
  pages     = {1447--1459},
  year      = {2009},
  publisher={Elsevier}
}

@article{protein11,
  title     = {Generative Probabilistic Models for Protein--Protein Interaction Networks—The Biclique Perspective},
  author    = {Schweiger, Regev and Linial, Michal and Linial, Nathan},
  journal   = {Bioinformatics},
  volume    = {27},
  number    = {13},
  pages     = {I142--I148},
  year      = {2011}
}

@article{protein21,
  title={Analysis and Prediction of Protein Interactions Between HIV-1 Protein and Human Protein Using LCM-MBC Algorithm Combined with Association Rule Mining},
  author={Siswantining, Titin and Bustamam, Alhadi and Swasti, Olivia and Al-Ash, Herley Shaori},
  journal={Communications in Mathematical Biology and Neuroscience},
  volume={2021},
  pages={64},
  year={2021}
}
@article{WeightMEB22,
  title={Efficient Maximum Edge-Weighted Biclique Search on Large Bipartite Graphs},
  author={Wang, Jianhua and Yang, Jianye and Zhang, Chengyuan and Lin, Xuemin},
  journal={IEEE Transactions on Knowledge and Data Engineering (TKDE)},
  year={2022}
}

@article{WeightMBB22,
  title={Finding the Maximum $ K $-Balanced Biclique on Weighted Bipartite Graphs},
  author={Zhao, Yiwei and Chen, Zi and Chen, Chen and Wang, Xiaoyang and Lin, Xuemin and Zhang, Wenjie},
  journal={IEEE Transactions on Knowledge and Data Engineering (TKDE)},
  year={2022}
}

@inproceedings{SEtree92,
  title     = {Search Through Systematic Set Enumeration},
  author    = {Ron Rymon},
  booktitle = {Proceedings of the 3rd International Conference on Principles of Knowledge
               Representation and Reasoning (KR)},
  pages     = {539--550},
  year      = {1992}
}
@inproceedings{Shaham16,
  title        = {On Finding the Maximum Edge Biclique in a Bipartite Graph: A Subspace Clustering Approach},
  author       = {Shaham, Eran and Yu, Honghai and Li, Xiao-Li},
  booktitle    = {Proceedings of the 2016 SIAM International Conference on Data Mining (SDM)},
  pages        = {315--323},
  year         = {2016}
}

@article{SimilarMBE22,
  title     = {Identifying Similar-Bicliques in Bipartite Graphs},
  author    = {Yao, Kai and Chang, Lijun and Yu, Jeffrey Xu},
  journal   = {Proceedings of the VLDB Endowment (PVLDB)},
  volume    = {15},
  number    = {11},
  pages     = {3085--3097},
  year      = {2022}
}

@misc{SIMT-wiki,
  title        = {Single Instruction, Multiple Threads (SIMT) from Wikipedia},
  howpublished = {\url{https://en.wikipedia.org/wiki/Single_instruction,_multiple_threads}},
  year         = {2024}
}

@inproceedings{Sun22,
  title        = {Maximal Balanced Signed Biclique Enumeration in Signed Bipartite Graphs},
  author       = {Sun, Renjie and Wu, Yanping and Chen, Chen and Wang, Xiaoyang and Zhang, Wenjie and Lin, Xuemin},
  booktitle    = {IEEE 38th International Conference on Data Engineering (ICDE)},
  pages        = {1887--1899},
  year         = {2022}
}

@inproceedings{Sun23,
  title={Efficient Maximum Signed Biclique Identification},
  author={Sun, Renjie and Chen, Chen and Wang, Xiaoyang and Zhang, Wenjie and Zhang, Ying and Lin, Xuemin},
  booktitle={IEEE 39th International Conference on Data Engineering (ICDE)},
  pages={1313--1325},
  year={2023}
}

@www{tikz,
  title  = {Tikz宏包},
  author = {Till Tantau},
  year   = {2018},
  url    = {https://sourceforge.net/projects/pgf/}
}

@article{tree04,
  title     = {Prospects for Building the Tree of Life from Large Sequence Databases},
  author    = {Driskell, Amy C and An{\'e}, C{\'e}cile and Burleigh, J Gordon and McMahon, Michelle M and O'meara, Brian C and Sanderson, Michael J},
  journal   = {Science},
  volume    = {306},
  number    = {5699},
  pages     = {1172--1174},
  year      = {2004}
}

@inproceedings{triangle18,
  title        = {Tricore: Parallel Triangle Counting on GPUs},
  author       = {Hu, Yang and Liu, Hang and Huang, H Howie},
  booktitle    = {Proceedings of the International Conference for High Performance Computing, Networking, Storage and Analysis (SC)},
  pages        = {171--182},
  year         = {2018}
}

@misc{WarpLevelPrimitives,
  author       = {Yuan Lin and Vinod Grover},
  title        = {Using CUDA Warp-Level Primitives},
  howpublished = {\url{https://developer.nvidia.com/blog/using-cuda-warp-level-primitives/}},
  year         = {2018}
}

@www{wiki-bfs,
  title = {Breadth-First Search},
  url   = {https://en.wikipedia.org/wiki/Breadth-first_search},
  note  = {[Online; accessed 2023-09-30]}
}

@www{wiki-dfs,
  title = {Depth-First Search},
  url   = {https://en.wikipedia.org/wiki/Depth-first_search},
  note  = {[Online; accessed 2023-09-30]}
}

@www{wiki-mst,
  title = {Minimum Spanning Tree},
  url   = {https://en.wikipedia.org/wiki/Minimum_spanning_tree},
  note  = {[Online; accessed 2023-09-30]}
}

@www{wiki-sssp,
  title = {Shortest Path Problem},
  url   = {https://en.wikipedia.org/wiki/Shortest_path_problem#Single-source_shortest_paths},
  note  = {[Online; accessed 2023-09-30]}
}
@www{zjugradthesisrules,
  title  = {浙江大学研究生学位论文编写规则},
  author = {浙江大学研究生院},
  year   = {2008},
  url    = {http://grs.zju.edu.cn/redir.php?catalog_id=10038&object_id=12877}
}

@www{zjuthesis,
  title  = {浙江大学毕业设计/论文模板},
  author = {王子轩},
  year   = {2019},
  url    = {https://github.com/TheNetAdmin/zjuthesis}
}
@www{zjuthesisrules,
  title  = {浙江大学本科生毕业论文（设计）编写规则},
  author = {浙江大学本科生院},
  year   = {2018},
  url    = {http://bksy.zju.edu.cn/attachments/2018-01/01-1517384518-1149149.pdf}
}

@inproceedings{DynamicMallocGpu21,
  title        = {Are Dynamic Memory Managers on GPUs Slow? A Survey and Benchmarks},
  author       = {Winter, Martin and Parger, Mathias and Mlakar, Daniel and Steinberger, Markus},
  booktitle    = {Proceedings of the 26th ACM SIGPLAN Symposium on Principles and Practice of Parallel Programming (PPoPP)},
  pages        = {219--233},
  year         = {2021}
}

@inproceedings{Kclique22,
  title        = {Parallel k-Clique Counting on GPUs},
  author       = {Almasri, Mohammad and Hajj, Izzat El and Nagi, Rakesh and Xiong, Jinjun and Hwu, Wen-mei},
  booktitle    = {Proceedings of the 36th ACM International Conference on Supercomputing (ICS)},
  pages        = {1--14},
  year         = {2022}
}

@inproceedings{Graphset23,
  author       = {Shi, Tianhui and Zhai, Jidong and Wang, Haojie and Chen, Qiqian and Zhai, Mingshu and Hao, Zixu and Yang, Haoyu and Chen, Wenguang},
  title        = {GraphSet: High Performance Graph Mining through Equivalent Set Transformations},
  year         = {2023},
  isbn         = {9798400701092},
  booktitle    = {Proceedings of the International Conference for High Performance Computing, Networking, Storage and Analysis (SC)},
  articleno    = {32},
  numpages     = {14},
  location     = {Denver, CO, USA},
}

@inproceedings{PersistentThread12,
  author       = {Gupta, Kshitij and Stuart, Jeff A and Owens, John D},
  booktitle    = {Innovative Parallel Computing (InPar)},
  title        = {A Study of Persistent Threads Style GPU Programming for GPGPU Workloads},
  year         = {2012},
  pages        = {1-14},
}

@inproceedings{GpuMergePathIntersect14,
  title        = {Fast Triangle Counting on the GPU},
  author       = {Green, Oded and Yalamanchili, Pavan and Mungu{\'\i}a, Llu{\'\i}s-Miquel},
  booktitle    = {Proceedings of the 4th Workshop on Irregular Applications: Architectures and Algorithms},
  pages        = {1--8},
  year         = {2014}
}

@misc{snapnets,
  author       = {Jure Leskovec and Andrej Krevl},
  title        = {{SNAP Datasets}: {Stanford} Large Network Dataset Collection},
  howpublished = {\url{http://snap.stanford.edu/data}},
  month        = jun,
  year         = {2014}
}

@inproceedings{MCEGPUBitset13,
  title        = {GPU Implementation of MCE Approach to Finding Near Neighbourhoods},
  author       = {Alusaifeer, Tariq and Ramanna, Sheela and Henry, Christopher J and Peters, James},
  booktitle    = {International Conference on Rough Sets and Knowledge Technology},
  pages        = {251--262},
  year         = {2013}
}

@inproceedings{MCEGPUdpp17,
  title        = {Maximal Clique Enumeration with Data-Parallel Primitives},
  author       = {Lessley, Brenton and Perciano, Talita and Mathai, Manish and Childs, Hank and Bethel, E Wes},
  booktitle    = {2017 IEEE 7th Symposium on Large Data Analysis and Visualization (LDAV)},
  pages        = {16--25},
  year         = {2017}
}

@article{SubgraphGpu22,
  title        = {Exploiting Reuse for GPU Subgraph Enumeration},
  author       = {Guo, Wentian and Li, Yuchen and Tan, Kian-Lee},
  journal      = {IEEE Transactions on Knowledge and Data Engineering (TKDE)},
  volume       = {34},
  number       = {9},
  pages        = {4231--4244},
  year         = {2020}
}


@mastersthesis{MBEchinese19,
author = {何宇},
title = {面向大规模二分图的团枚举算法研究},
school = {深圳大学},
year = {2019}
}

@mastersthesis{pqchinese22,
author = {蒋意浩},
title = {大规模二分图上（m,n）二分团计数问题研究},
school = {东华大学},
year = {2022}
}

@mastersthesis{skylinechinese23,
author = {李爽},
title = {多值属性二部图选择最优组：天际线二部团的研究与实现},
school = {广州大学},
year = {2023}
}

@article{MCEreview22,
author = {许绍显 and 廖小飞 and 邵志远 and 华强胜 and 金海},
title = {图数据中极大团枚举问题的求解:研究现状与挑战},
journal = {中国科学:信息科学},
volume = {52},
number = {05},
pages = {784-803},
year = {2022},
issn = {1674-7267}
}

@mastersthesis{MCEchinese21,
author = {王恒},
title = {概率图上Top-K极大团枚举问题研究},
school = {东华大学},
year = {2021}
}

@article{MCEchinese20,
author = {杜明 and 钟鹏 and 周军锋},
title = {一种面向不确定极大团枚举的高效验证算法},
journal = {智能计算机与应用},
volume = {10},
number = {03},
pages = {14-20},
year = {2020},
issn = {2095-2163}
}

@article{MCEchinese17,
author = {何琨 and 邹晟昊 and 周建荣},
title = {大规模稀疏图的极大团枚举算法},
journal = {华中科技大学学报(自然科学版)},
volume = {45},
number = {12},
pages = {1-6},
year = {2017},
issn = {1671-4512}
}

@article{MBEchinese17,
author = {邹凌君 and 陈崚 and 戴彩艳},
title = {基于广义后缀树的二分网络社区挖掘算法},
journal = {计算机科学},
volume = {44},
number = {07},
pages = {221-226},
year = {2017},
issn = {1002-137X}
}
@inproceedings{peregrine20,
  title={Peregrine: A Pattern-Aware Graph Mining System},
  author={Jamshidi, Kasra and Mahadasa, Rakesh and Vora, Keval},
  booktitle={Proceedings of the Fifteenth European Conference on Computer Systems (EuroSys)},
  pages={1--16},
  year={2020}
}

@article{pangolin20,
  title={Pangolin: An Efficient and Flexible Graph Mining System on CPU and GPU},
  author={Chen, Xuhao and Dathathri, Roshan and Gill, Gurbinder and Pingali, Keshav},
  journal={Proceedings of the VLDB Endowment (PVLDB)},
  volume={13},
  number={8},
  pages={1190--1205},
  year={2020}
}

@article{cuckoohash04,
  author={Pagh, Rasmus and Rodler, Flemming F.},
  year={2004},
  title={Cuckoo Hashing},
  journal={Journal of Algorithms},
  volume={51},
  number={2},
  pages={122-144},
  isbn={0196-6774},
  language={English}
}

@inproceedings{stmatch22,
  author={Yihua Wei and Peng Jiang},
  title={STMatch: Accelerating Graph Pattern Matching on GPU with Stack-Based Loop Optimizations},
  booktitle={Proceedings of the International Conference for High Performance Computing, Networking, Storage and Analysis (SC)},
  pages={53:1--53:13},
  year={2022},
  isbn={2167-4329},
  language={English}
}

@inproceedings{Graphpi20,
  title={Graphpi: High Performance Graph Pattern Matching Through Effective Redundancy Elimination},
  author={Shi, Tianhui and Zhai, Mingshu and Xu, Yi and Zhai, Jidong},
  booktitle={Proceedings of the International Conference for High Performance Computing, Networking, Storage and Analysis (SC)},
  pages={1--14},
  year={2020}
}

@inproceedings{GPMredundancy23,
  title={Cyclosa: Redundancy-Free Graph Pattern Mining via Set Dataflow},
  author={Gui, Chuangyi and Liao, Xiaofei and Zheng, Long and Jin, Hai},
  booktitle={USENIX Annual Technical Conference (ATC)},
  pages={71--85},
  year={2023}
}

@misc{tbb-code,
  author={Intel},
  title={OneAPI Threading Building Blocks},
  howpublished={\url{https://github.com/oneapi-src/oneTBB}},
  year={2024}
}

@inproceedings{MergePath18,
  author={Oded Green and James Fox and Alex Watkins and Alok Tripathy and Kasimir Gabert and Euna Kim and Xiaojing An and Kumar Aatish and David A. Bader},
  title={Logarithmic Radix Binning and Vectorized Triangle Counting},
  booktitle={IEEE High Performance Extreme Computing Conference (HPEC)},
  pages={1--7},
  year={2018}
}

@inproceedings{BinaryIntersect18,
  author={James Fox and Oded Green and Kasimir Gabert and Xiaojing An and David A. Bader},
  title={Fast and Adaptive List Intersections on the GPU},
  booktitle={IEEE High Performance Extreme Computing Conference (HPEC)},
  pages={1--7},
  year={2018}
}

@misc{CUDANsightSystems,
  title={NVIDIA Nsight Systems},
  howpublished={\url{https://developer.nvidia.com/nsight-systems/}},
  year={2024}
}

@misc{Nsight,
  title={NVIDIA Nsight Compute},
  howpublished={\url{https://developer.nvidia.com/nsight-compute/}},
  year={2024}
}

@misc{CUDANsightProfile,
  title={CUDA Toolkit},
  howpublished={\url{https://developer.nvidia.com/cuda-toolkit/}},
  year={2024}
}
